@comment{This file has been generated by Pybliographer}


@Book{pearl1984,
  Author         = {{Pearl Judea}},
  Title          = {Heuristics},
  Publisher      = {Addison-Wesley Pub. Co},
  Address        = {Reading},
  isbn           = {0201055945},
  year           = 1984
}

@Article{HPLW06,
  Author         = {{Pan Hui och Wang Ling}},
  Title          = {Blending Scheduling Under Uncertainty Based on
                   Particle Swarm Optimization with Hypothesis Test},
  Journal        = {Lecture Notes in Computer Science},
  Volume         = {2006},
  Number         = {4115},
  Pages          = {109-120},
  year           = 2006
}

@Misc{Charbonneau,
  Author         = {{Charbonneau Paul}},
  Title          = {An introduction to genetic algorithms for numerical
                   optimization, technical note, national center for
                   atmospheric research},
  year           = 2002
}

@Book{mitchell1997,
  Author         = {{Mitchell Thomas}},
  Title          = {Machine Learning},
  Publisher      = {WCB/McGraw-Hill},
  Address        = {Boston},
  isbn           = {0071154671},
  year           = 1997
}

@Article{reis2004,
  Author         = {Reis C., Machado J.A.T. och Cunha J.B.},
  Title          = {Population size and processing time in a genetic
                   algorithm},
  Journal        = {Computational Cybernetics, 2004. ICCC 2004. Second
                   IEEE International Conference on},
  Volume         = {},
  Number         = {},
  Pages          = {127-132},
  doi            = {10.1109/ICCCYB.2004.1437686},
  issn           = {},
  keywords       = {combinational circuits, genetic algorithms, logic
                   designCISC, RISC, combinational logic circuits, genetic
                   algorithm, population size, processing time},
  year           = 2004
}

@Book{fausett1994,
  Author         = {{Fausett Laurene}},
  Title          = {Fundamentals of Neural Networks},
  Publisher      = {Prentice-Hall},
  Address        = {Englewood Cliffs},
  isbn           = {0133341860},
  year           = 1994
}

@Book{Afp02,
  Author         = {{Avdelningen f\"or till\"ampad processmetallurgi}},
  Title          = {Processmetallurgins {G}runder},
  Publisher      = {Institutionen f\"or Materialvetenskap, KTH},
  Address        = {Institutionen f\"or Materialvetenskap, KTH SE-100 44
                   STOCKHOLM},
  year           = 2002
}

@Book{engh1992,
  Author         = {{Engh T.}},
  Title          = {Principles of Metal Refining},
  Publisher      = {Oxford University Press},
  Address        = {Oxford Oxfordshire},
  isbn           = {019856337x},
  year           = 1992
}

@Article{KGoGG01,
  Author         = {Glismann Klaus och Gruhn, G\"unter},
  Title          = {Short-term scheduling and recipe optimization of
                   blending processes},
  Journal        = {Computers and Chemical Engineering 25},
  Pages          = {627-634},
  month          = jan,
  year           = 2001
}

@Article{JMB97,
  Author         = {Block J.M., Barrera-Arellanoa D., Figueiredob M.F. och
                   Gomide F.A.C.},
  Title          = {Blending process optimization into special fat
                   formulation by neural networks},
  Journal        = {Journal of the American Oil Chemists' Society},
  Volume         = {74},
  Number         = {12},
  Pages          = {1537-1541},
  month          = {1 } # dec,
  year           = 1997
}

@Book{goldberg1989,
  Author         = {{Goldberg David}},
  Title          = {Genetic Algorithms in Search, Optimization, and
                   Machine Learning},
  Publisher      = {Addison-Wesley},
  Address        = {Boston},
  isbn           = {0201157675},
  year           = 1989
}

@Article{Lah99,
  Author         = {{Lahdelma Risto och Hakonen Henri och Ik\"aheimo
                   Jussi}},
  Title          = {A{MRO} - adaptive metallurgical raw material
                   optimization},
  Journal        = {IFORS'99},
  month          = aug,
  year           = 1999
}

@Book{mitchell1996,
  Author         = {{Mitchell Melanie}},
  Title          = {An Introduction to Genetic Algorithms},
  Publisher      = {MIT Press},
  Address        = {Cambridge},
  isbn           = {0262133164},
  year           = 1996
}

@Book{laarhoven1987,
  Author         = {{Laarhoven P.J.}},
  Title          = {Simulated Annealing: Theory and Applications},
  Publisher      = {Springer},
  Address        = {Berlin},
  isbn           = {9027725136},
  year           = 1987
}

@Book{taha1997,
  Author         = {{Taha Hamdy}},
  Title          = {Operations Research},
  Publisher      = {Prentice Hall},
  Address        = {Englewood Cliffs},
  isbn           = {0132811723},
  year           = 1997
}

@Book{kennedy2001,
  Author         = {{Kennedy James}},
  Title          = {Swarm Intelligence},
  Publisher      = {Morgan Kaufmann Publishers},
  Address        = {San Francisco},
  isbn           = {1558605959},
  year           = 2001
}

@Article{Rong08,
  Author         = {{Rong Aiying och Lahdelma Risto}},
  Title          = {Fuzzy chance constrained linear programming model for
                   optimizing the scrap},
  Journal        = {European Journal of Operational Research},
  Volume         = {2008},
  Number         = {186},
  Pages          = {953-964},
  year           = 2008
}

@Article{DMoKRC98,
  Author         = {{Mihailidis D. och Chelst K. R.}},
  Title          = {Optimal {B}lending of {O}ut-of-{S}pecifications
                   {S}ubstances},
  Journal        = {The Journal of the Operational Research Society},
  Volume         = {49},
  Number         = {5},
  Pages          = {458-466},
  month          = may,
  year           = 1998
}

@Article{KB98,
  Author         = {Bernatzki Klaus-P., Bussieck Michael R., Lindner
                   Thomas och Liibbecke Marco E.},
  Title          = {Optimal scrap combination for steel production},
  Journal        = {OR Spektrum},
  Volume         = {1998},
  Number         = {20},
  Pages          = {251-258},
  year           = 1998
}

@Book{press1992,
  Author         = {{Press William H.}},
  Title          = {Numerical Recipes in Fortran},
  Publisher      = {Cambridge University Press},
  Address        = {Cambridge},
  isbn           = {9780521430647},
  year           = 1992
}

@Article{webby08,
  Author         = {Webby R. B., Green D. A. och Metcalfe A. V.},
  Title          = {Modelling {W}ater {B}lending-{S}ensitivity of
                   {O}ptimal {P}olicies},
  Journal        = {Environmental Modeling and Assessment},
  Volume         = {2008},
  Pages          = {1420-2026},
  month          = {31 } # jul,
  year           = 2008
}

@Book{darwin2006,
  Author         = {{Darwin Charles}},
  Title          = {On the Origin of Species: by Means of Natural
                   Selection},
  Publisher      = {Dover Publications},
  Address        = {New York},
  isbn           = {9780486450063},
  year           = 2006
}

@Book{Ruhul07,
  Author         = {{Ruhul A. Sarker och Newton S. Charles}},
  Title          = {Optimization Modelling A Practical Approach},
  Publisher      = {CRC Press},
  isbn           = {978-1-4200-4310-5},
  year           = 2007
}

@Article{Dantzig82,
  Author         = {{Dantzig George B.}},
  Title          = {Reminiscences about the origins of linear programming},
  Journal        = {Operations research letters},
  Pages          = {43-48},
  month          = apr,
  year           = 1982
}

@Article{GBD60,
  Author         = {{Dantzig George B.}},
  Title          = {Inductive {P}roof of the {S}implex {M}ethod},
  Journal        = {IBM Journal},
  Volume         = {november},
  Pages          = {505-506},
  month          = nov,
  year           = 1960
}

@Article{Vladimir02,
  Author         = {Litvinenko VladimirI I, Burgher J.A, Vyshermirskij
                   Vadim S. och Sokolova Nadeshda A.},
  Title          = {Application of genetic algorithm for optimization
                   gasoline fractions blending compounding},
  Journal        = {Proceedings of the 2002 IEEE International Conference
                   on Artificial Intelligence Systems (ICAIS'02)},
  editor         = {IEE},
  publisher      = {IEE Computer Society},
  year           = 2002
}

@Article{Kim87,
  Author         = {{Kim J. och Lewis R.L.}},
  Title          = {A large scale linear programming application to least
                   cost charging for foundry melting operations},
  Journal        = {American Foundrymen's Society Transactions},
  Pages          = {735-744},
  month          = jan,
  year           = 1987
}

@Article{NR04,
  Author         = {Roy N.K., Potter W.D. och Landau D.P},
  Title          = {Designing {P}olymer {B}lends {U}sing {N}eural
                   {N}etworks, {G}enetic {A}lgorithms, and {M}arkov
                   {C}hains},
  Journal        = {Applied Intelligence},
  Volume         = {04},
  Number         = {20},
  Pages          = {215-229},
  year           = 2004
}

